@book{文献引用标签,
    title={文献标题测试},
    author={作者示例},
    address={出版地示例},
    publisher={出版社示例},
    year={年份示例}
}
