@book{BlenderPythonAPI,
  author     = {Chris Conlan},
  title      = {The Blender Python API},
  year       = {2017},
  location   = {Bethesda, Maryland},
  publisher  = {Apress},
  edition    = {},
  translator = {},
  pages      = {65-85},
  url        = {},
  doi        = {10.1007/978-1-4842-2802-9}
} required author，title，year（在 gb7714-2015 样式下，location 和 publisher 缺省时会显示不详）
@online{BlenderAPIWebsite,
  author = {},
  title  = {Blender Python API Documentation},
  url    = {https://docs.blender.org/api/current/index.html}
} required author, title, url
@online{BlenderStackexchange,
  author = {},
  title  = {Blender Stackexchange},
  url    = {https://blender.stackexchange.com/questions/}
} required author, title, url
@online{AddonGuideline,
  author = {一花一世界，一叶一乾坤},
  title  = {Blender插件编写指南},
  url    = {https://www.cnblogs.com/yaoyu126/p/9319746.html}
} required author, title, url
@online{PythonDocs,
  author = {},
  title  = {Python Documentation},
  url    = {https://docs.python.org/3/library/functions.html?highlight=dir#dir}
} required author, title, url
@online{TranslateBlenderWithAPI,
  author = {Nikita},
  title  = {Localization of Blender add-ons – with API},
  url    = {https://b3d.interplanety.org/en/localization-of-blender-add-ons-with-api/}
} required author, title, url
@online{AddonPrefPanel,
  author = {Nikita},
  title  = {Add-on preferences panel},
  url    = {https://b3d.interplanety.org/en/add-on-preferences-panel/}
} required author, title, url
@online{SaveCustomPref,
  author = {Blendermonkey},
  title  = {How to save custom user preferences for an addon},
  url    = {https://devtalk.blender.org/t/how-to-save-custom-user-preferences-for-an-addon/10362}
} required author, title, url
@online{PopupMessageBox,
  author = {Skylumz},
  title  = {How to popup simple message box from python console?},
  url    = {https://blender.stackexchange.com/questions/109711/how-to-popup-simple-message-box-from-python-console}
} required author, title, url
@online{PopupDialogBox,
  author = {p2or},
  title  = {How to call a confirmation dialog box?},
  url    = {https://blender.stackexchange.com/questions/73286/how-to-call-a-confirmation-dialog-box}
} required author, title, url
@online{PopupPanel,
  author = {Nikita},
  title  = {Creating pop-up panels with user UI in Blender add-on},
  url    = {https://b3d.interplanety.org/en/creating-pop-up-panels-with-user-ui-in-blender-add-on/}
} required author, title, url
@online{ForceGPURendering,
  author = {Dennis Teusink},
  title  = {Force GPU rendering python script},
  url    = {https://developer.blender.org/T54099}
} required author, title, url
@online{DetectValidGPU,
  author = {lewis2e},
  title  = {Need a way to detect if a valid GPU device is available from Python},
  url    = {https://devtalk.blender.org/t/need-a-way-to-detect-if-a-valid-gpu-device-is-available-from-python/17080}
} required author, title, url
@online{BlenderAvailableDevices,
  author = {Nicholas Neumann},
  title  = {Python API for getting available devices is getting even more awkward in 2.81},
  url    = {https://developer.blender.org/T71172}
} required author, title, url
@online{SetupCyclesComputeDevice,
  author = {quarkpol},
  title  = {How setup Cycles Compute Device in console},
  url    = {https://blender.stackexchange.com/questions/154249/how-setup-cycles-compute-device-in-console}
} required author, title, url
@online{RenderUsingAllCores,
  author = {user2746401},
  title  = {Render using all cores except one (or N)},
  url    = {https://blender.stackexchange.com/questions/45213/render-using-all-cores-except-one-or-n}
} required author, title, url
@online{ClassNamingConventions,
  author = {Nikita},
  title  = {Class naming conventions in Blender 2.8 Python API},
  url    = {https://b3d.interplanety.org/en/class-naming-conventions-in-blender-2-8-python-api/}
} required author, title, url
@online{PythonAPIChanges,
  author = {Campbell Barton},
  title  = {Python API, changes to type registration in 2.8},
  url    = {https://developer.blender.org/T52599}
} required author, title, url
@online{UICookbook,
  author = {},
  title  = {Blender Addon UI Cookbook},
  url    = {https://archive.blender.org/wiki/index.php/Dev:Py/Scripts/Cookbook/Code_snippets/Interface/}
} required author, title, url
