@online{OSFCC,
  author = {DrXie},
  title  = {中文开源字体集},
  url    = {https://github.com/DrXie/OSFCC}
} required author, title, url
@online{freefont,
  author = {wordshub},
  title  = {Free Font},
  url    = {https://github.com/wordshub/free-font}
} required author, title, url
@online{100font,
  author = {},
  title  = {100font网站},
  url    = {https://www.100font.com/}
} required author, title, url
@online{leagueofmoveabletype,
  author = {},
  title  = {The League of Moveable Type},
  url    = {https://www.theleagueofmoveabletype.com/}
} required author, title, url
@online{maoken,
  author = {},
  title  = {猫啃网},
  url    = {https://www.maoken.com/}
} required author, title, url
